@article{mittal,
  author    = {Gautam Mittal and
               Jesse H. Engel and
               Curtis Hawthorne and
               Ian Simon},
  title     = {Symbolic Music Generation with Diffusion Models},
  journal   = {CoRR},
  volume    = {abs/2103.16091},
  year      = {2021},
  url       = {https://arxiv.org/abs/2103.16091},
  eprinttype = {arXiv},
  eprint    = {2103.16091},
  timestamp = {Wed, 07 Apr 2021 15:31:46 +0200},
  biburl    = {https://dblp.org/rec/journals/corr/abs-2103-16091.bib},
  bibsource = {dblp computer science bibliography, https://dblp.org}
}

@misc{ho2020denoising,
      title={Denoising Diffusion Probabilistic Models}, 
      author={Jonathan Ho and Ajay Jain and Pieter Abbeel},
      year={2020},
      eprint={2006.11239},
      archivePrefix={arXiv},
      primaryClass={cs.LG}
}

@misc{choi2021ilvr,
      title={ILVR: Conditioning Method for Denoising Diffusion Probabilistic Models}, 
      author={Jooyoung Choi and Sungwon Kim and Yonghyun Jeong and Youngjune Gwon and Sungroh Yoon},
      year={2021},
      eprint={2108.02938},
      archivePrefix={arXiv},
      primaryClass={cs.CV}
}ss

@online{androidwebsite,
    author="Android Developer Documentation",
    title = "Motion Sensors | Andriod Development",
    url  = "https://developer.android.com/guide/topics/sensors/sensors_motion?authuser=2#java",
    addendum = "(accessed: 04.07.2021)",
    keywords = "android, motion sensors"
}

@misc{song2020denoising,
      title={Denoising Diffusion Implicit Models}, 
      author={Jiaming Song and Chenlin Meng and Stefano Ermon},
      year={2020},
      eprint={2010.02502},
      archivePrefix={arXiv},
      primaryClass={cs.LG}
}

@article{bazin2021, ISBN={9789151955605},
   url={http://dx.doi.org/10.30746/978-91-519-5560-5},
   author={Théis Bazin and Gaëtan Hadjeres and Philippe Esling and Mikhail Malt}
   DOI={10.30746/978-91-519-5560-5},
   publisher={KTH Royal Institute of Technology},
   year={2021}
}

@misc{meng2021sdedit,
      title={SDEdit: Image Synthesis and Editing with Stochastic Differential Equations}, 
      author={Chenlin Meng and Yang Song and Jiaming Song and Jiajun Wu and Jun-Yan Zhu and Stefano Ermon},
      year={2021},
      eprint={2108.01073},
      archivePrefix={arXiv},
      primaryClass={cs.CV}
}